Referencias para trabajo terminal

@book{IEEEreferencias:Ref1,
  author = "J. Armengou, A. Aguado, G. Ormazábal",
  title = "An integrated decision-making methodology for the design of concrete structures"
}


@book{IEEEreferencias:Ref2,
  author = "H. Roche, C. Vejo",
  title = "Análisis multicriterio en la toma de decisiones"
}