\RequirePackage{filecontents}
\begin{filecontents}{example.bib}

@article{Reference1,
	author = {J. G. Daugman},
	journal = {IEEE Transactions on Pattern Analysis and Machine Intelligence},
	title = {High confidence visual recognition of persons by a test of statistical independence},
	month = {November},
	volume = {vol. 15},
	year = {1993}}

@article{Reference2,
	author = {W. W. Boles and B. Boashash},
	journal = {IEEE Transactions On Signal Processing},
	title = {A human identification technique using images of the iris and wavelet transform},
	month = {April},
	volume = {vol. 45},
	year = {1998}}

@article{Reference3,
	author = {L. Ma, T. Tan, Y. Wang, and D. Zhang},
	journal = {IEEE Transactions on Pattern Analysis and Machine Intelligence},
	yitle = {Personal identification based on iris texture analysis},
	month = {December},
	volume = {vol. 25},
	year = {2003}}

@article{Reference4,
	author = {R. P. Wildes},
	journal = {Proceedings of the IEEE},
	title = {Iris recognition: An emerging biometric technology},
	month = {September},
	volume = {vol. 85},
	year = {1997}}
	
@article{Reference5,
  	title  = {Efficient iris recognition by characterizing key local variations},
  	year = {2004}, 
  	journal={IEEE Transactions On Image Processing}}
	
@article{Reference6,
	author = {Iridian Technologies},
	title = {Moorestown, NJ},
	year = {2005}}
	
@article{Reference7,
	author = {C. Sanchez-Avila, R. Sanchez-Reillo, and D. de Martin-Roche},
	journal = {IEEE AESS Systems Magazine},
	title = {Iris-based biometric recognition using dyadic wavelet transform},
	month = {October},
	year = {2002}}
	
@article{Reference8,
	author = {Azriel Rosenfeld, Harry Wechsler},
	title = {Pattern Recognition: Historical Perspective and Future Directions},
	month = {March},
	year = {2000}}
	
@article{Reference9,
	author = {Yuniol Alvarez Betancourt},
	title = {Reconocimiento de iris basado en fusión de información para condiciones no ideales},
	month = {April},
	year = {2015}}
	
@article{Reference10,
	author = {R. P. Wildes, G. L. G. J. C. Asmuth, J. R. M. S. C. Hsu, R. J. Kolczynski, and S. E. McBride},
	journal = {IEEE Workshop Mach},
	title = {A system for automated iris recognition},
	month = {},
	year = {1994}}
	
@article{Reference11,
	author = {J.Cui, Y. Wang, T. Tan, L. Ma, and Z. Sun},
	journal = {Proceedings of SPIE - The International Society for Optical Engineering},
	title = {A fast and robust iris localization method based on texture segmentation},
	month = {},
	year = {2004}}
	
@article{Reference12,
	author = {R. P. Wildes, J. Asmuth, S. C. Hsu, R. J. Kolczynski, J. R. Matey, and S. E. McBride},
	journal = {},
	title = {Automated, noninvasive iris recognition system and method},
	month = {},
	year = {1996}}

@article{Reference13,
	author = {J. Zhu and J. Yang},
	journal = {IEEE International Conference on Automatic Face and Gesture Recognition},
	title = {Subpixel eye gaze tracking},
	year = {2002}}
	
@article{Reference14,
	author = {V. Dorairaj, N. Schmid, and G. Fahmy},
	journal = {Proceeding International Conference on Image Processing ICIP},
	title = {Performance evaluation of non-ideal iris based recognition system implementing global ica encoding},
	month = {},
	year = {2005}}
	
@article{Reference15,
	author = {J. Daugman},
	journal = {EEE Transactions on Circuits and Systems for Video Technology},
	title = {How iris recognition works},
	month = {},
	year = {2004}}

@article{Reference18,
	author = {C. Rathgeb, A. Uhl, P. Wild, and H. Hofbauer},
	title = {Design Decisions for an Iris Recognition SDK},
	year = {2016}}
	
@article{Reference19,
	author = {K. Bowyer and M. J. Burge},
	title = {Handbook of iris recognition},
	year = {2016}}


	
	

	
	
	