%% This BibTeX bibliography file was created using BibDesk.
%% http://bibdesk.sourceforge.net/


%% Created for Julio R. at 2014-10-30 16:26:36 -0500 


%% Saved with string encoding Unicode (UTF-8) 



@manual{Lozano2010,
	Author = {Lozano Urbina, Luz Amparo and Romero Bohorquez, Arnold Rafael and Urbina Gonz{\'a}lez, Juan Manuel},
	Date-Added = {2014-10-30 21:24:23 +0000},
	Date-Modified = {2014-10-30 21:26:18 +0000},
	Edition = {1},
	Organization = {Universidad Industrial de Santander},
	Title = {Manual de pr{\'a}cticas de laboratorio de qu{\'\i}mica org{\'a}nica I},
	Year = {2010}}

@article{young:1902,
	Author = {Young, Sydney},
	Date-Added = {2014-10-30 21:02:16 +0000},
	Date-Modified = {2014-10-30 21:02:45 +0000},
	Doi = {10.1039/CT9028100777},
	Isbn = {0368-1645},
	Journal = {J. Chem. Soc., Trans.},
	Journal1 = {J. Chem. Soc., Trans.},
	M3 = {10.1039/CT9028100777},
	Number = {0},
	Pages = {777--783},
	Publisher = {The Royal Society of Chemistry},
	Title = {LXXVIII.-Correction of the boiling points of liquids from observed to normal pressure},
	Ty = {JOUR},
	Url = {http://dx.doi.org/10.1039/CT9028100777},
	Volume = {81},
	Year = {1902},
	Bdsk-Url-1 = {http://dx.doi.org/10.1039/CT9028100777},
	Bdsk-File-1 = {YnBsaXN0MDDUAQIDBAUGJCVYJHZlcnNpb25YJG9iamVjdHNZJGFyY2hpdmVyVCR0b3ASAAGGoKgHCBMUFRYaIVUkbnVsbNMJCgsMDxJXTlMua2V5c1pOUy5vYmplY3RzViRjbGFzc6INDoACgAOiEBGABIAFgAdccmVsYXRpdmVQYXRoWWFsaWFzRGF0YV8QJS4uL1JlZmVyZW5jaWFzL0ZpbGVzL2N0OTAyODEwMDc3Ny5wZGbSFwsYGVdOUy5kYXRhTxEBrgAAAAABrgACAAAMTWFjaW50b3NoIEhEAAAAAAAAAAAAAAAAAAAAzaNil0grAAAA5hvwEGN0OTAyODEwMDc3Ny5wZGYAAAAAAAAAAAAAAAAAAAAAAAAAAAAAAAAAAAAAAAAAAAAAAAAAAAAAAAAAAAAAAAEZSUDQeBFcAAAAAAAAAAAAAQADAAAJIAAAAAAAAAAAAAAAAAAAAAVGaWxlcwAAEAAIAADNo6jnAAAAEQAIAADQeFesAAAAAQAUAOYb8ADmG8gADvg1AA5gdgAOYG8AAgBKTWFjaW50b3NoIEhEOlVzZXJzOgBqcGluem9uOgBEcm9wYm94OgBSZWZlcmVuY2lhczoARmlsZXM6AGN0OTAyODEwMDc3Ny5wZGYADgAiABAAYwB0ADkAMAAyADgAMQAwADAANwA3ADcALgBwAGQAZgAPABoADABNAGEAYwBpAG4AdABvAHMAaAAgAEgARAASADhVc2Vycy9qcGluem9uL0Ryb3Bib3gvUmVmZXJlbmNpYXMvRmlsZXMvY3Q5MDI4MTAwNzc3LnBkZgATAAEvAAAVAAIADv//AACABtIbHB0eWiRjbGFzc25hbWVYJGNsYXNzZXNdTlNNdXRhYmxlRGF0YaMdHyBWTlNEYXRhWE5TT2JqZWN00hscIiNcTlNEaWN0aW9uYXJ5oiIgXxAPTlNLZXllZEFyY2hpdmVy0SYnVHJvb3SAAQAIABEAGgAjAC0AMgA3AEAARgBNAFUAYABnAGoAbABuAHEAcwB1AHcAhACOALYAuwDDAnUCdwJ8AocCkAKeAqICqQKyArcCxALHAtkC3ALhAAAAAAAAAgEAAAAAAAAAKAAAAAAAAAAAAAAAAAAAAuM=}}

@article{Maity,
	Author = {Maity, Jyoti Prakash and Bundschuh, Jochen and Chen, Chien-Yen and Bhattacharya, Prosun},
	Date-Added = {2014-10-30 20:00:32 +0000},
	Date-Modified = {2014-10-30 20:00:32 +0000},
	Issn = {0360-5442},
	Journal = {Energy},
	Keywords = {Microalgae, Biofuel, Mitigation of greenhouse gases, Wastewater treatment},
	Number = {0},
	Owner = {jpinzon},
	Pages = {1 -- 10},
	Timestamp = {2014.09.03},
	Title = {Microalgae for third generation biofuel production, mitigation of greenhouse gas emissions and wastewater treatment: Present and future perspectives -- A mini review},
	Url = {http://www.sciencedirect.com/science/article/pii/S0360544214004150},
	Year = {2014},
	Bdsk-Url-1 = {http://www.sciencedirect.com/science/article/pii/S0360544214004150}}

@manual{Cooper2009,
	Author = {Cooper, Melanie},
	Edition = {4th},
	Organization = {Clemson University},
	Title = {Cooperative Chemistry Lab Manual},
	Year = {2009}}